@article{BryanRotunno2009,
author = {Bryan, George H. and Rotunno, Richard},
title = {{The maximum intensity of tropical cyclones in axisymmetric numerical model simulations}},
journal = {Mon. Wea. Rev.},
year = {2009},
volume = {137},
number = {6},
pages = {1770-1789}
}

@article{Thompson,
author = {Thompson, Gregory and Rasmussen, Roy M. and Manning, Kevin},
title = {{Explicit Forecasts of Winter Precipitation Using an Improved Bulk Microphysics Scheme. Part I: Description and Sensitivity Analysis}},
journal = {Mon. Wea. Rev.},
year = {2004},
volume = {132},
number = {2},
pages = {519-542}
}

@article{DoyleTCI,
author = {Doyle, James D. and Moskaitis, J. and Feldmeier, J and Ferek, R. and Beaubien, M. and Bell, M. and Cecil, D. and Creasey, R. and Duran, P. and Elsberry, R. and Komaromi, W. and Molinari, J. and Ryglici, D. and Stern, D. and Velden, C. and Wang, X. and Allen, T. and Barrett, B. and Black, P. and Dunion, J. and Emanuel, K. and Harr, P. and Harrison L. and Hendricks, E. and Herndon, D. and Jeffries, W. and Majumdar, S.J. and Moore, J. and Pu, Z. and Rogers, R. and Sanabia, E. and Tripoli, G. and Zhang, D.-L.},
title = {{A view of tropical cyclones from above: The Tropical Cyclone Intensity (TCI) Experiment}},
journal = {Bull. Amer. Meteor. Soc.},
year = {2017},
volume = {98},
number = {10},
pages = {2113-2134}
}

@article{DuranMolinari2018,
author = {Duran, Patrick and J. Molinari},
title = {{Dramatic inner-core tropopause variability during the rapid intensification of Hurricane Patricia (2015)}},
journal = {Mon. Wea. Rev.},
year = {2018},
volume = {146},
number = {1},
pages = {119-134}
}

@misc{BellTCI,
author = {Bell, Michael M. and Doyle, J. D. and Beaubein, M. and Allen, T. and Brown, B. R. and Dunion, J. P. and Duran, P. and Feldmeier, J. W. and Harrison, L. C. and Hendricks, E. A. and Jeffries, W. and Komaromi, W. A. and Martinez, J. and Molinari, J. and Moskaitis, J. R. and Stern, D. P. and Vollaro, D.},
title={Office of {N}aval {R}esearch {T}ropical {C}yclone {I}ntensity ({TCI}) 2015 {NASA WB}-57 {H}igh {D}ensity {D}ropsonde {S}ounding {S}ystem ({HDSS}) Data, Version 1.0},
year={2016},
DOI={10.5065/D6KW5D8M}}
